@book{algorithms,
  Author = {Thomas H.~Cormen and Charles E.~Leiserson and Ronald L.~Rivest},
  Publisher = {Massachusetts Institute of Technology},
  Title = {Introduction to Algorithms},
  Year = {1990}}

@article{ChenX,
	Author = {Chen, X. H. and Dempster, A. P. and Liu, J. S.},
	Journal = {Biometrika},
	Pages = {457-469},
	Title = {Weighted Finite Population Sampling to Maximize Entropy},
	Volume = 81,
	Year = {1994}}

@article{ChenY,
	Author = {Chen, Y. and Diaconis, P. and Holmes, S. P. and Liu, J. S.},
	Journal = {Journal of the American Statistical Association},
	Pages = {109-120},
	Title = {Sequential Monte Carlo Methods for Statistical Analysis of Tables},
	Volume = {100},
	Year = {2005}}

@article{Chen2,
	Author = {Chen, Y.},
	Journal = {Journal of Computational and Graphical Statistics},
	Pages = {445-467},
	Title = {Conditional Inference on Tables with Structural Zeros},
	Volume = {16},
	Year = {2007}}

@incollection{Gel96,
	Author = {Gelman, A.},
	Booktitle = {Markov Chain Monte Carlo in Practice},
	Editor = {W. R. Gilks and S. Richardson and D. J. Spiegelhalter},
	Pages = {131-144},
	Publisher = {New York},
	Address = {Chapman \& Hall/CRC},
	Title = {Inference and Monitoring Convergence},
	Year = 1996}

@article{Geyer,
	Author = {Geyer, C. J. and Thompson, E. A.},
	Journal = {Journal of the Royal Statistical Society B},
	Pages = {657-699},
	Title = {Constrained Monte Carlo Maximum Likelihood for Dependent Data},
	Volume = 54,
	Year = {1992}}

@article{finney1941,
	Author = {Finney, D. J.},
	Journal = {Journal of the Royal Statistical Society B},
	Pages = {155-161},
	Title = {On the Distribution of a Variable Whose Logarithm is Normally Distributed},
	Volume = 7,
	Year = {1941}}

@article{Geyer2,
	Author = {Geyer, C. J.},
	Journal = {Journal of the Royal Statistical Society B},
	Pages = {261-274},
	Title = {On the Convergence of Monte Carlo Maximum Likelihood Calculations},
	Volume = 56,
	Year = {1994}}

@article{Good,
	Author = {Good, I. J. and Crook, J.},
	Journal = {Discrete Mathematics},
	Pages = {23-45},
	Title = {The Enumeration of Arrays and a Generalization Related to Contingency Tables},
	Volume = 19,
	Year = {1977}}

@article{hol81,
	Author = {Holland, Paul W. and Leinhardt, Samuel},
	Journal = {Journal of the American Statistical Association},
	Number = {373},
	Pages = {33--65},
	Title = {An Exponential Family of Probability Distributions for Directed Graphs},
	Volume = {76},
	Year = {1981}}

@article{Kong,
	Author = {Kong, A. and Liu, J.S. and Wong, W.H.},
	Journal = {Journal of the American Statistical Association},
	Pages = {278-288},
	Title = {Sequential Imputations and Bayesian Missing Data Problems},
	Volume = 89,
	Year = {1994}}

@article{Rao96,
	Author = {Rao, A. R. and Jana, R. and Bandyopadhyay, S.},
	Journal = {Sankhya A},
	Pages = {225-242},
	Title = {A Markov Chain Monte Carlo Method for Generating Random $(0,1)$ Matrices with Given Marginals},
	Volume = 58,
	Year = {1996}}

@article{Roberts,
	Author = {Roberts, A. and Stone, L.},
	Journal = {Oecologia},
	Pages = {560-567},
	Title = {Island-Sharing by Archipelago Species},
	Volume = 83,
	Year = {1990}}

@article{Sanderson,
	Author = {Sanderson, J. G.},
	Journal = {American Scientist},
	Pages = {332-339},
	Title = {Testing Ecological Patterns},
	Volume = 88,
	Year = {2000}}

@article{Sanderson2,
	Author = {Sanderson, J. G. and Moulton, M. P. and Selfridge, R. G.},
	Journal = {Oecologia},
	Pages = {275-283},
	Title = {Null Matrices and the Analysis of Species Co-occurrences},
	Volume = 116,
	Year = {1998}}

@article{Snijders,
	Author = {Snijders, T. A. B.},
	Journal = {Psychometrika},
	Pages = {397-417},
	Title = {Enumeration And Simulation Methods For 0-1 Matrices with Given Marginals},
	Volume = 56,
	Year = {1991}}

@article{Sulloway,
	Author = {Sulloway, F. J.},
	Journal = {Journal of the History of Biology},
	Pages = {1-53},
	Title = {Darwin and His Finches: The Evolution of a Legend},
	Volume = 15,
	Year = {1982}}

@book{Thompson,
	Author = {Steven K. Thompson},
	Publisher = {John Wiley \& Sons, Inc.},
	Title = {Sampling},
	Year = {2002}}

@incollection{MorNAS03,
	Author = {Morris, M},
	Booktitle = {Dynamic Social Network Modeling and Analysis},
	Editor = {Breiger, Ronald and Carley, Kathleen and Pattison, Philippa},
	Pages = {174-186},
	Publisher = {Committee on Human Factors, Board on Behavioral, Cognitive, and Sensory Sciences. National Academy Press},
	Address = {Washington, DC},
	Title = {Local Rules and Global Properties: Modeling the Emergence of Network Structure},
	Year = 2003}

@manual{statnetusersgroup,
	Address = {Seattle, WA},
	Author = {Mark S. Handcock and David R. Hunter and Carter T. Butts and Steven M. Goodreau and Pavel N. Krivitsky and Martina Morris},
	Organization = {Statnet Project \url{http://statnetproject.org/}},
	Title = {Users Group for the \pkg{statnet} Package Statistical Modeling of Network Data},
	Url = {http://statnet.org/statnet_users_group.shtml},
	Year = {2003}}

@manual{statnet,
	Address = {Seattle, WA},
	Author = {Mark S. Handcock and David R. Hunter and Carter T. Butts and Steven M. Goodreau  and Pavel N. Krivitsky and Martina Morris},
	Note = {\proglang{R}~package version~2.0},
	Organization = {Statnet Project \url{http://statnetproject.org/}},
	Title = {\pkg{statnet}: Software Tools for the Statistical Modeling of Network Data},
	Url = {http://CRAN.R-project.org/package=statnet},
	Year = {2003}}

@manual{r2010,
  title		= {\proglang{R}: {A} Language and Environment for Statistical Computing},
  author	= {{\proglang{R} Development Core Team}},
  organization	= {\proglang{R} Foundation for Statistical Computing},
  address	= {Vienna, Austria},
  year		= {2010},
  note          = {{ISBN} 3-900051-07-0, Version~2.6.1},
  url		= {http://www.R-project.org/}
}

@manual{snow,
	Author = {Luke Tierney and A. J. Rossini and Na Li and H. Sevcikova},
	Note = {\proglang{R}~package version~0.2-9},
	Title = {\pkg{snow}: Simple Network of Workstations},
	Url = {http://CRAN.R-project.org/package=snow},
	Year = {2007}}

@techreport{Bes00,
	Author = {Besag, J.},
	Institution = {Center for Statistics and the Social Sciences, University of Washington},
	Number = {9},
	Title = {Markov Chain Monte Carlo for Statistical Inference},
	Type = {Working Paper},
	Year = 2000}

@techreport{van06,
	Address = {University of Washington},
	Author = {van Duijn, M. A. J. and Gile, Krista and Handcock, Mark S.},
	Institution = {Center for Statistics and the Social Sciences},
	Title = {Comparison of Maximum Pseudo Likelihood and Maximum Likelihood Estimation of Exponential Random Graph Models},
	Type = {Manuscript},
	Year = 2006}

@incollection{handcock2002nas,
	Address = {Washington, DC.},
	Author = {Mark S. Handcock},
	Booktitle = {Dynamic Social Network Modeling and Analysis},
	Editor = {R. Breiger and K. Carley and P. Pattison},
	Pages = {229--252},
	Publisher = {Committee on Human Factors, Board on Behavioral, Cognitive, and Sensory Sciences, National Academy Press},
	Title = {Statistical Models for Social Networks: Inference and Degeneracy},
	Volume = {126},
	Year = {2003}}

@article{HunGoodHan08,
	Author = {David R. Hunter and Steven M. Goodreau and Mark S. Handcock},
	Journal = {Journal of the American Statistical Association},
	Pages = {248--258},
	Title = {Goodness of Fit for Social Network Models},
	Volume = {103},
	Year = {2008}}

@techreport{han03,
	Address = {University of Washington},
	Author = {Mark S. Handcock},
	Institution = {Center for Statistics and the Social Sciences},
	Number = {39},
	Title = {Assessing Degeneracy in Statistical Models of Social Networks},
	Type = {Working Paper},
	Url = {http://www.csss.washington.edu/Papers/},
	Year = {2003}}

@techreport{addhealthdesign,
	Author = {K. M. Harris and F. Florey and J. Tabor and P. S. Bearman and J. Jones and J. R. Udry},
	Institution = {University of North Carolina},
	Title = {The National Longitudinal Study of Adolescent Health: Research Design},
	Url = {http://www.cpc.unc.edu/projects/addhealth/design/},
	Year = {2003}}

@techreport{addhealthdata,
	Author = {J. R. Udry},
	Institution = {Carolina Population Center, University of North Carolina at Chapel Hill},
	Title = {The National Longitudinal Study of Adolescent Health (Add Health), Waves I \& II, 1994--1996; Wave III, 2001--2002},
	Year = {2003}}

@techreport{goodreau2005sms,
	Author = {S. M. Goodreau and D. R. Hunter and M. Morris},
	Institution = {University of Washington Center for Studies in Demography and Ecology},
	Number = {05-01},
	Url = {http://csde.washington.edu/downloads/05-01.pdf},
	Title = {Statistical Modeling of Social Networks: Practical Advances and Results},
	Year = {2005}}

@article{robins2007rde,
	Author = {G. Robins and T. Snijders and P. Wang and M. Handcock and P. Pattison},
	Journal = {Social Networks},
	Number = {2},
	Pages = {192--215},
	Publisher = {Elsevier North-Holland, Inc.},
	Title = {Recent Developments in Exponential Random Graph ($p^{*}$) Models for Social Networks},
	Volume = {29},
	Year = {2007}}

@article{robins2007ier,
	Author = {G. Robins and P. Pattison and Y. Kalish and D. Lusher},
	Journal = {Social Networks},
	Number = {2},
	Pages = {173--191},
	Publisher = {Elsevier North-Holland, Inc.},
	Title = {An Introduction to Exponential Random Graph ($p^{*}$) Models for Social Networks},
	Volume = {29},
	Year = {2007}}

@article{goodreau2006aer,
	Author = {S. M. Goodreau},
	Journal = {Social Networks},
	Number = {2},
	Pages = {231--248},
	Publisher = {Elsevier North-Holland, Inc.},
	Title = {Advances in Exponential Random Graph ($p^{*}$) Models Applied to a Large Social Network},
	Volume = {29},
	Year = {2007}}

@article{GoodKittsMorris08,
	Author = {Steven M. Goodreau and James Kitts and Martina Morris},
	Journal = {Demography},
	Note = {Forthcoming},
	Title = {Birds of a Feather, or Friend of a Friend? Using Exponential Random Graph Models to Investigate Adolescent Social Networks},
	Volume = {45},
	Year = {2008}}

@article{HamiltonHandcockMorris08,
	Author = {Deven T. Hamilton and Mark S. Handcock and Martina Morris},
	Issue = {1},
	Journal = {Sexually Transmitted Diseases},
	Pages = {30--40},
	Title = {Degree Distributions in Sexual Networks: A Framework for Evaluating Evidence},
	Volume = {35},
	Year = {2008}}

@incollection{snivanduijn02,
	Address = {Stockholm},
	Author = {T. A. B. Snijders and M. A. J. van Duijn},
	Booktitle = {Contributions to Social Network Analysis, Information Theory, and Other Topics in Statistics; A Festschrift in honour of Ove Frank},
	Editor = {J. Hagberg},
	Pages = {117--134},
	Publisher = {University of Stockholm, Department of Statistics},
	Title = {Conditional Maximum Likelihood Estimation under Various Specifications of Exponential Random Graph Models},
	Year = {2002}}

@article{sni:02,
	Author = {Tom A. B. Snijders},
	Journal = {Journal of Social Structure},
	Number = {2},
	Title = {Markov Chain Monte Carlo Estimation of Exponential Random Graph Models},
	Volume = {3},
	Year = {2002}}

@inproceedings{KrackHan07,
	Author = {David Krackhardt and Mark S. Handcock},
	Booktitle = {Workshop on Statistical Network Analysis, ICML 2006, Pittsburgh, USA, June 29, 2006},
	Editor = {Edoardo M. Airoldi},
	Pages = {14--27},
	Publisher = {Springer-Verlag},
	Series = {Lecture Notes in Computer Science},
	Title = {Heider versus Simmel: Emergent Features in Dynamic Structures},
	Volume = {4503},
	Year = {2007}}

@incollection{davisleinhardt72,
	Author = {J. A. Davis and S. Leinhardt},
	Booktitle = {Sociological Theories in Progress, Volume 2},
	Editor = {J. Berger},
	Pages = {218--251},
	Publisher = {Houghton Mifflin},
	Address = {Boston},
	Title = {The Structure of Positive Interpersonal Relations in Small Groups},
	Year = {1972}}

@article{hunhan06,
	Author = {David R. Hunter and Mark S. Handcock},
	Journal = {Journal of Computational and Graphical Statistics},
	Number = {3},
	Pages = {565--583},
	Title = {Inference in Curved Exponential Family Models for Networks},
	Volume = {15},
	Year = {2006}}

@article{sprh06,
	Author = {Tom A. B. Snijders and Philippa Pattison and Garry L. Robins and Mark S. Handcock},
	Journal = {Sociological Methodology},
	Pages = {99--153},
	Title = {New Specifications for Exponential Random Graph Models},
	Volume = {36},
	Year = {2006}}

@article{hunter2007,
	Author = {David R. Hunter},
	Journal = {Social Networks},
	Pages = {216--230},
	Title = {Curved Exponential Family Models for Social Networks},
	Volume = {29},
	Year = {2007}}

@book{mccullaghnelder1989,
	Author = {P. McCullagh and J. Nelder},
	Edition = {2nd},
	Publisher = {Chapman \& Hall/CRC},
	Title = {Generalized Linear Models},
	Year = {1989}}

@book{Cbook88,
	Address = {Upper Saddle River, NJ},
	Author = {Brian W. Kernighan and Dennis M. Ritchie},
	Publisher = {Prentice Hall Press},
	Title = {The \proglang{C} Programming Language},
	Year = {1988}}

@article{bes74,
	Author = {Julian Besag},
	Journal = {Journal of the Royal Statistical Society B},
	Pages = {192--236},
	Title = {Spatial Interaction and the Statistical Analysis of Lattice Systems},
	Volume = {36},
	Year = {1974}}

@article{statnetjss,
	Author = {Mark S. Handcock and David R. Hunter and Carter T. Butts and Steven M. Goodreau and Martina Morris},
	Journal = {Journal of Statistical Software},
	Number = {1},
	Title = {\pkg{statnet}: Software Tools for the Representation, Visualization, Analysis and Simulation of Network Data},
	Url = {http://www.jstatsoft.org/v24/i01/},
	Volume = {24},
	Year = {2008}}

@article{networkjss,
	Author = {Carter T. Butts},
	Journal = {Journal of Statistical Software},
	Number = {2},
	Title = {\pkg{network}: {A} Package for Managing Relational Data in \proglang{R}},
	Url = {http://www.jstatsoft.org/v24/i02/},
	Volume = {24},
	Year = {2008}}

@article{ergmjss,
	Author = {David R. Hunter and Mark S. Handcock and Carter T. Butts and Steven M. Goodreau and Martina Morris},
	Journal = {Journal of Statistical Software},
	Number = {3},
	Title = {\pkg{ergm}: {A} Package to Fit, Simulate and Diagnose Exponential-Family Models for Networks},
	Url = {http://www.jstatsoft.org/v24/i03/},
	Volume = {24},
	Year = {2008}}

@article{ergmtermsjss,
	Author = {Martina Morris and Mark S. Handcock and David R. Hunter},
	Journal = {Journal of Statistical Software},
	Number = {4},
	Title = {Specification of Exponential-Family Random Graph Models: Terms and Computational Aspects},
	Url = {http://www.jstatsoft.org/v24/i04/},
	Volume = {24},
	Year = {2008}}

@article{latentnetjss,
	Author = {Pavel N. Krivitsky and Mark S. Handcock},
	Journal = {Journal of Statistical Software},
	Number = {5},
	Title = {Fitting Latent Cluster Models for Social Networks with \pkg{latentnet}},
	Url = {http://www.jstatsoft.org/v24/i05/},
	Volume = {24},
	Year = {2008}}

@article{snajss,
	Author = {Carter T. Butts},
	Journal = {Journal of Statistical Software},
	Number = {6},
	Title = {Social Network Analysis with \pkg{sna}},
	Url = {http://www.jstatsoft.org/v24/i06/},
	Volume = {24},
	Year = {2008}}

@article{rsoniajss,
	Author = {Skye Bender-deMoll and Martina Morris and James Moody},
	Journal = {Journal of Statistical Software},
	Number = {7},
	Title = {Prototype Packages for Managing and Animating Longitudinal Network Data: \pkg{dynamicnetwork} and \pkg{rSoNIA}},
	Url = {http://www.jstatsoft.org/v24/i07/},
	Volume = {24},
	Year = {2008}}

@article{statnettutorialjss,
	Author = {Steven M. Goodreau and Mark S. Handcock and David R. Hunter and Carter T. Butts and Martina Morris},
	Journal = {Journal of Statistical Software},
	Number = {9},
	Title = {A \pkg{statnet} Tutorial},
	Url = {http://www.jstatsoft.org/v24/i09/},
	Volume = {24},
	Year = {2008}}

@manual{ergm,
	Address = {Seattle, WA},
	Author = {Mark S. Handcock and David R. Hunter and Carter T. Butts and Steven M. Goodreau and Pavel N. Krivitsky  and Martina Morris},
	Note = {\proglang{R}~package version~2.0},
	Organization = {Statnet Project \url{http://statnetproject.org/}},
	Title = {\pkg{ergm}: {A} Package to Fit, Simulate and Diagnose Exponential-Family Models for Networks},
	Url = {http://CRAN.R-project.org/package=ergm},
	Year = {2003}}

@manual{latentnet,
	Address = {Seattle, WA},
	Author = {Pavel N. Krivitsky and Mark S. Handcock},
	Note = {\proglang{R}~package version~2.0},
	Organization = {Statnet Project \url{http://statnetproject.org/}},
	Title = {\pkg{latentnet}: Latent Position and Cluster Models for Statistical Networks},
	Url = {http://CRAN.R-project.org/package=latentnet},
	Year = {2007}}

@manual{network,
	Author = {Carter T. Butts and Mark S. Handcock and David R. Hunter},
	Note = {\proglang{R}~package version~1.3},
	Organization = {Statnet Project \url{http://statnetproject.org/}},
	Address = {Seattle, WA},
	Title = {\pkg{network}: Classes for Relational Data},
	Url = {http://CRAN.R-project.org/package=network},
	Year = {2007}}

@manual{netperm,
	Author = {Carter T. Butts},
	Note = {\proglang{R}~package version~0.2},
	Title = {\pkg{netperm}: Permutation Models for Relational Data},
	Url = {http://erzuli.ss.uci.edu/R.stuff/},
	Year = {2006}}

@manual{sna,
	Author = {Carter T. Butts},
	Note = {\proglang{R}~package version~1.5},
	Organization = {Statnet Project \url{http://statnetproject.org/}},
	Address = {Seattle, WA},
	Title = {\pkg{sna}: Tools for Social Network Analysis},
	Url = {http://CRAN.R-project.org/package=sna},
	Year = {2007}}

@manual{networksis,
	Address = {Seattle, WA},
	Author = {Ryan Admiraal and Mark S. Handcock},
	Note = {\proglang{R}~package version~1.0},
	Organization = {Statnet Project \url{http://statnetproject.org/}},
	Title = {\pkg{networksis}: Simulate Bipartite Graphs with Fixed Marginals Through Sequential Importance Sampling},
	Url = {http://CRAN.R-project.org/package=networksis},
	Year = {2007}}

@manual{coda,
        title = {\pkg{coda}: Output Analysis and Diagnostics for MCMC},
        author = {Martyn Plummer and Nicky Best and Kate Cowles and Karen Vines},
        note = {\proglang{R}~package version~0.13-1},
	Url = {http://CRAN.R-project.org/package=coda},
	Year = {2007}}

@article{albert2002smc,
	Author = {Albert, R. and Barab{\'a}si, A. L.},
	Journal = {Reviews of Modern Physics},
	Number = {1},
	Pages = {47--97},
	Publisher = {APS},
	Title = {Statistical Mechanics of Complex Networks},
	Volume = {74},
	Year = {2002}}

@book{bar78,
	Address = {New York},
	Author = {O. E. Barndorff-Nielsen},
	Publisher = {John Wiley \& Sons, Inc.},
	Title = {Information and Exponential Families in Statistical Theory},
	Year = {1978}}

@book{brown1986fse,
	Author = {Brown, L. D.},
	Publisher = {Institute of Mathematical Statistics, Hayward, Calif},
	Title = {Fundamentals of Statistical Exponential Families},
	Year = {1986}}

@techreport{cor:98,
	Author = {J. Corander and K. Dahmstr\"om and P. Dahmstr\"om},
	Institution = {Department of Statistics, University of Stockholm},
	Number = {8},
	Title = {Maximum Likelihood Estimation for Markov Graphs},
	Type = {Research Report},
	Year = {1998}}

@article{cro:98,
	Author = {Bradley Crouch and Stanley Wasserman and Frank Trachtenberg},
	Journal = {XVIII International Sunbelt Social Network Conference in Sitges, Spain},
	Title = {Markov Chain Monte Carlo Maximum Likelihood Estimation for $p^{*}$ Social Network Models},
	Year = {1998}}

@article{efron1975dcs,
	Author = {B. Efron},
	Journal = {The Annals of Statistics},
	Number = {6},
	Pages = {1189--1242},
	Title = {Defining the Curvature of a Statistical Problem (with Applications to Second Order Efficiency)},
	Volume = {3},
	Year = {1975}}

@article{efron1978gef,
	Author = {Efron, B.},
	Journal = {The Annals of Statistics},
	Number = {2},
	Pages = {362--376},
	Title = {The Geometry of Exponential Families},
	Volume = {6},
	Year = {1978}}

@article{fau99,
	Author = {K. Faust and J. Skvoretz},
	Journal = {Sociological Methodology},
	Pages = {253--280},
	Title = {Logit Models for Affiliation Networks},
	Volume = {31},
	Year = {1999}}

@article{fienberg1981cda,
	Author = {Stephen E. Fienberg and Stanley S. Wasserman},
	Journal = {Sociological Methodology},
	Pages = {156--192},
	Title = {Categorical Data Analysis of Single Sociometric Relations},
	Volume = {12},
	Year = {1981}}

@article{fienberg1981efp,
	Author = {Stephen E. Fienberg and Stanley S. Wasserman},
	Journal = {Journal of the American Statistical Association},
	Number = {373},
	Pages = {54--57},
	Title = {An Exponential Family of Probability Distributions for Directed Graphs: Comment},
	Volume = {76},
	Year = {1981}}

@article{fra86,
	Author = {Ove Frank and David Strauss},
	Journal = {Journal of the American Statistical Association},
	Number = {395},
	Pages = {832--842},
	Title = {Markov Graphs},
	Volume = {81},
	Year = {1986}}

@article{gelman1998snc,
	Author = {Gelman, A. and Meng, X. L.},
	Journal = {Statistical Science},
	Number = {2},
	Pages = {163--185},
	Publisher = {Institute of Mathematical Statistics},
	Title = {Simulating Normalizing Constants: From Importance Sampling to Bridge Sampling to Path Sampling},
	Volume = {13},
	Year = {1998}}

@article{gey92,
	Author = {C. J. Geyer and E. A. Thompson},
	Journal = {Journal of the Royal Statistical Society B},
	Pages = {657--699},
	Title = {Constrained Monte Carlo Maximum Likelihood Calculations},
	Volume = {54},
	Year = {1992}}

@book{gil96,
	Editor = {W. R. Gilks and S. Richardson and D. J. Spiegelhalter},
	Publisher = {Chapman \& Hall/CRC},
	Address = {New York},
	Title = {Markov Chain Monte Carlo in Practice},
	Year = {1996}}

@article{meng1996srn,
	Author = {Meng, X. L. and Wong, W. H.},
	Journal = {Statistica Sinica},
	Pages = {831--860},
	Title = {Simulating Ratios of Normalizing Constants Via a Simple Identity: {A} Theoretical Exploration},
	Volume = {6},
	Year = {1996}}

@article{mische2000gsl,
	Author = {Mische, A. and Robins, G. L.},
	Journal = {International Social Networks Conference, Vancouver},
	Pages = {13--16},
	Title = {Global Structures, Local Processes: Tripartite Random Graph Models for Mediating Dynamics in Political Mobilization},
	Year = {2000}}

@book{new99,
	Author = {M. E. J. Newman and G. T. Barkema},
	Publisher = {Oxford University Press, New York},
	Title = {Monte Carlo Methods in Statistical Physics},
	Year = {1999}}

@article{pat99,
	Author = {Philippa Pattison and Stanley Wasserman},
	Journal = {British Journal of Mathematical and Statistical Psychology},
	Pages = {169--193},
	Title = {Logit Models and Logistic Regressions for Social Networks: {II}. Multivariate Relations},
	Volume = {52},
	Year = {1999}}

@article{pat02,
	Author = {Philippa Pattison and Garry L. Robins},
	Journal = {Sociological Methodology},
	Pages = {301--337},
	Title = {Neighbourhood-Based Models for Social Networks},
	Volume = {32},
	Year = {2002}}

@article{robins1999lma,
	Author = {Robins, G. and Pattison, P. and Wasserman, S.},
	Journal = {Psychometrika},
	Number = {3},
	Pages = {371--394},
	Publisher = {Springer-Verlag},
	Title = {Logit Models and Logistic Regressions for Social Networks: III. Valued Relations},
	Volume = {64},
	Year = {1999}}

@article{robins2001nmss,
	Author = {Robins, G. and Elliott, P. and Pattison, P.},
	Journal = {Social Networks},
	Number = {1},
	Pages = {1--30},
	Publisher = {Elsevier North-Holland, Inc.},
	Title = {Network Models for Social Selection Processes},
	Volume = {23},
	Year = {2001}}

@article{robins2001nmsi,
	Author = {Robins, G. L. and Pattison, P. and Elliott, P.},
	Journal = {Psychometrika},
	Number = {2},
	Pages = {161--189},
	Publisher = {Springer-Verlag},
	Title = {Network Models for Social Influence Processes},
	Volume = {66},
	Year = {2001}}

@phdthesis{sampson1969,
	Author = {Sampson, S. F.},
	School = {Cornell University},
	Title = {Crisis in a Cloister},
	Year = {1969}}

@phdthesis{samp:68,
	Address = {Ithaca, New York},
	Author = {S. F. Sampson},
	School = {Department of Sociology, Cornell University},
	Title = {A Novitiate in a Period of Change: An Experimental and Case Study of Social Relationships},
	Type = {Ph.D.\ thesis (University Micofilm, No 69-5775)},
	Year = {1968}}

@article{str90,
	Author = {D. Strauss and M. Ikeda},
	Journal = {Journal of the American Statistical Association},
	Pages = {204--212},
	Title = {Pseudolikelihood Estimation for Social Networks},
	Volume = {85},
	Year = {1990}}

@techreport{vanDuijnGileHan07,
	Address = {University of Washington},
	Author = {Marijtje A. J. van Duijn and Krista Gile and Mark S. Handcock},
	Institution = {Center for Statistics and the Social Sciences},
	Number = {74},
	Title = {Comparison of Maximum Pseudo Likelihood and Maximum Likelihood Estimation of Exponential Family Random Graph Models},
	Type = {Working Paper},
	Url = {http://www.csss.washington.edu/Papers/},
	Year = {2007}}

@article{was96,
	Author = {Stanley S. Wasserman and Philippa Pattison},
	Journal = {Psychometrika},
	Number = {3},
	Pages = {401--425},
	Title = {Logit Models and Logistic Regressions for Social Networks: {I}. An Introduction to Markov Graphs and $p^*$},
	Volume = {61},
	Year = {1996}}

@book{wass:faus1994,
	Author = {Stanley S. Wasserman and Katherine Faust},
	Publisher = {Cambridge University Press},
	Address = {Cambridge},
	Series = {Structural Analysis in the Social Sciences},
	Title = {Social Network Analysis: {M}ethods and Applications},
	Year = {1994}}

@article{hrh02,
	Author = {Peter D. Hoff and Adrian E. Raftery and Mark S. Handcock},
	Journal = {Journal of the American Statistical Association},
	Month = dec,
	Number = {460},
	Pages = {1090--1098},
	Title = {Latent Space Approaches to Social Network Analysis},
	Volume = {97},
	Year = {2002}}

@article{hrt07,
	Author = {Mark S. Handcock and Adrian E. Raftery and Jeremy M. Tantrum},
	Journal = {Journal of the Royal Statistical Society A},
	Number = {2},
	Pages = {301--354},
	Title = {Model-based Clustering for Social Networks},
	Volume = {170},
	Year = {2007}}

@manual{stocnet,
	Address = {Groningen, Netherlands},
	Author = {Boer, P. and Huisman, M. and Snijders, T. A. B. and Zeggelink, E. P. H.},
	Edition = {Version~1.7},
	Organization = {ICS/SciencePlus, Universiy of Groningen},
	Title = {\pkg{StOCNET}: An Open Software System for the Advanced Statistical Analysis of Social Networks},
	Url = {http://stat.gamma.rug.nl/stocnet/},
	Year = {2003}}

@article{batagelj1998,
	Author = {Vladimir Batagelj and Andrej Mrvar},
	Journal = {Connections},
	Number = {2},
	Pages = {47--57},
	Title = {\pkg{Pajek} -- Program for Large Network Analysis},
	Volume = {21},
	Year = {1998}}

@manual{pajek,
	Author = {Batagelj, Vladimir and Mrvar, Andrej},
	Organization = {University of Ljubljana, Slovenia},
	Notes = {Version~1.20},
	Title = {\pkg{Pajek}: Package for Large Network Analysis},
	Url = {http://vlado.fmf.uni-lj.si/pub/networks/pajek/},
	Year = {2007}}

@book{bor99,
	Author = {Borgatti, Stephen P. and Everett, Martin G. and Freeman, Linton C.},
	Publisher = {Analytic Technologies},
	Address = {Natick},
	Title = {\pkg{UCINET}~6.0 for Windows: Software for Social Network Analysis},
	Url = {http://www.analytictech.com/},
	Year = {1999}}

@manual{stata,
  author	= {{StataCorp.}},
  title		= {\proglang{Stata} Statistical Software: Release~10},
  year		= {2007},
  organization	= {StataCorp LP},
  address	= {College Station, TX},
  url		= {http://www.stata.com/}
}

@manual{sas,
  author	= {{\proglang{SAS} Institute Inc.}},
  title		= {The \proglang{SAS} System, Version~9},
  year		= {2003},
  address	= {Cary, NC},
  url		= {http://www.sas.com/}
}

@manual{degreenet,
	Author = {Mark S. Handcock},
	Note = {\proglang{R}~package version~1.0},
	Organization = {Statnet Project \url{http://statnetproject.org/}},
	Address = {Seattle, WA},
	Title = {\pkg{degreenet}: Models for Skewed Count Distributions Relevant to Networks},
	Url = {http://CRAN.R-project.org/package=degreenet},
	Year = {2003}}

@article{zachary1977,
	Author = {Zachary, W. W.},
	Journal = {Journal of Anthropological Research},
	Number = {4},
	Pages = {452--473},
	Title = {An Information Flow Model for Conflict and Fission in Small Groups},
	Volume = {33},
	Year = {1977}}

@book{tsvetovat2004dif,
	Author = {Tsvetovat, M. and Reminga, J. and Carley, K. M.},
	Publisher = {Carnegie Mellon University, School of Computer Science, Institute for Software Research International},
	Title = {DyNetML: Interchange Format for Rich Social Network Data},
	Year = {2004}}

@article{resnick1997,
	Author = {Resnick, M. D. and Bearman, P. S. and Blum, R. W. and Bauman, K. E. and Harris, K. M. and Jones, J. and Tabor, J. and Beuhring, T. and Sieving, R. E. and Shew, M. and Ireland, M. and Bearinger, L. H. and Udry, J. R.},
	Journal = {Journal of the American Medical Association},
	Number = {10},
	Pages = {823--832},
	Publisher = {American Medical Association},
	Title = {Protecting Adolescents from Harm. Findings from the National Longitudinal Study on Adolescent Health},
	Volume = {278},
	Year = {1997}}

@book{newcomb1961,
	Author = {Newcomb, Theodore M.},
	Publisher = {Holt, Rinehart, Winston.},
	Address = {New York},
	Title = {The Acquaintance Process},
	Year = {1961}}

@article{morris1997,
	Author = {Morris, M. and M. Kretzschmar},
	Journal = {AIDS},
	Number = {641--648},
	Title = {Concurrent Partnerships and the Spread of HIV},
	Volume = {11},
	Year = {1997}}

@article{morris2000,
	Author = {Morris, M. and M. Kretzschmar},
	Journal = {Mathematical Population Studies},
	Number = {2},
	Pages = {109--133},
	Title = {A Micro-Simulation Study of the Effect of Concurrent Partnerships on HIV Spread in Uganda.},
	Volume = {8},
	Year = {2000}}

@article{kamada1989,
	Author = {Kamada, T. and Kawai, S.},
	Journal = {Information Processing Letters},
	Number = {1},
	Pages = {7--15},
	Publisher = {Elsevier North-Holland, Inc.},
	Address = {Amsterdam},
	Title = {An Algorithm for Drawing General Undirected Graphs},
	Volume = {31},
	Year = {1989}}

@article{moody2005,
	Author = {Moody, J. and McFarland, D. and Bender-deMoll, S.},
	Journal = {American Journal of Sociology},
	Number = {4},
	Pages = {1206--1241},
	Title = {Dynamic Network Visualization},
	Volume = {110},
	Year = {2005}}

@techreport{ferreira2002nma,
	Author = {Ferreira, A. and Viennot, L.},
	Institution = {Institute National de Recherche en Informatique et en Automatique},
	Number = {4403},
	Title = {A Note on Models, Algorithms, and Data Structures for Dynamic Communication Networks},
	Type = {Rapport de recherche},
	Year = {2002}}

@manual{freehep,
	Author = {{FreeHEP}},
	Title = {\pkg{FreeHEP} Vector Graphics \proglang{Java} Package},
	Url = {http://java.freehep.org/vectorgraphics/},
	Year = {2000}}

@manual{colt,
	Author = {{CERN}},
	Organization = {European Organization for Nuclear Research},
	Title = {\pkg{COLT} Open Source Libraries for High Performance Scientific and Technical Computing in
	\proglang{Java}},
	Url = {http://dsd.lbl.gov/~hoschek/colt/},
	Year = {1999}}

@manual{butts2006,
	Author = {Carter T. Butts},
	Note = {\proglang{R}~package},
	Title = {\pkg{diffusion}: Tools for Simulating Network Diffusion Processes},
	Url = {http://erzuli.ss.uci.edu/R.stuff/},
	Year = {2006}}

@article{robins2007aer,
	Author = {Robins, G. and Morris, M.},
	Journal = {Social Networks},
	Number = {2},
	Pages = {169--172},
	Publisher = {Elsevier North-Holland, Inc.},
	Title = {Advances in Exponential Random Graph ($p^{*}$) Models},
	Volume = {29},
	Year = {2007}}

@article{butts2004sar,
	Author = {Butts, C. T. and Pixley, J. E.},
	Journal = {Journal of Mathematical Sociology},
	Number = {2},
	Pages = {81--124},
	Publisher = {Taylor \& Francis},
	Title = {A Structural Approach to the Representation of Life History Data},
	Volume = {28},
	Year = {2004}}

@manual{sonia2003,
	Author = {Bender-deMoll, Skye and Daniel A. McFarland},
	Title = {\pkg{SoNIA}: Social Network Image Animator},
	Url = {http://sonia.stanford.edu/},
	Year = {2003}}

@article{benderdemoll2006,
	Author = {Bender-deMoll, S. and McFarland, D. A.},
	Journal = {Journal of Social Structure},
	Number = {2},
	Title = {The Art and Science of Dynamic Network Visualization},
	Volume = {7},
	Year = {2006}}

@manual{quicktime,
	Author = {{Apple Inc.}},
	Title = {\pkg{QuickTime} Multimedia Software Architecture},
	Url = {http://developer.apple.com/quicktime/},
	Year = {1999}}

@manual{flash,
	Author = {{Adobe Systems Incorporated}},
	Title = {Adobe \pkg{Flash} Player},
	Url = {http://www.adobe.com/shockwave/download/},
	Year = {1999}}

@book{dor05,
	Author = {Patrick Doreian and Vladimir Batagelj and Anuska Ferligoj},
	Publisher = {Cambridge University Press},
	Address = {Cambridge},
	Title = {Generalized Blockmodeling},
	Year = {2005}}

@article{handcockjones2004,
	Author = {M. S. Handcock and J. H. Jones},
	Journal = {Theoretical Population Biology},
	Pages = {413--422},
	Title = {Likelihood-Based Inference for Stochastic Models of Sexual Network Formation},
	Volume = {65},
	Year = {2004}}

@techreport{joneshandcock2002,
	Author = {J. H. Jones and M. S. Handcock},
	Institution = {Center for Statistics and the Social Sciences},
	Number = {23},
	Title = {Epidemic Thresholds Exist in Human Sexual Contact Networks},
	Type = {Working Paper},
	Url = {http://www.csss.washington.edu/Papers/},
	Year = {2002}}

@techreport{joneshandcock2002a,
	Author = {J. H. Jones and M. S. Handcock},
	Institution = {Center for Statistics and the Social Sciences},
	Number = {21},
	Title = {Statistical Evidence Tells Tails of Human Sexual Contacts},
	Type = {Working Paper},
	Url = {http://www.csss.washington.edu/Papers/},
	Year = {2002}}

@techreport{handcockjonesmorris2003,
	Author = {M. S. Handcock and J. H. Jones and M. Morris},
	Institution = {Center for Statistics and the Social Sciences},
	Number = {31},
	Title = {On `Sexual Contacts and Epidemic Thresholds,' Models and Inference for Sexual Partnership Distributions},
	Type = {Working Paper},
	Url = {http://www.csss.washington.edu/Papers/},
	Year = {2003}}

@article{joneshandcock2003a,
	Author = {J. H. Jones and M. S. Handcock},
	Journal = {Proceedings of the Royal Society of London B},
	Pages = {1123--1128},
	Title = {An Assessment of Preferential Attachment as a Mechanism for Human Sexual Network Formation},
	Volume = {270},
	Year = {2003}}

@article{joneshandcock2003b,
	Author = {J. H. Jones and M. S. Handcock},
	Journal = {Nature},
	Number = {6940},
	Pages = {605--606},
	Title = {Sexual Contacts and Epidemic Thresholds},
	Volume = {423},
	Year = {2003}}

@article{handcockjones2006,
	Author = {M. S. Handcock and J. H. Jones},
	Issue = {2},
	Journal = {Theoretical Population Biology},
	Pages = {125--134},
	Title = {Interval Estimates for Epidemic Thresholds in Two-Sex Network Models},
	Volume = {70},
	Year = {2006}}

@book{chambers:bk:1998,
	Address = {New York},
	Author = {John M. Chambers},
	Note = {{ISBN} 0-387-98503-4},
	Publisher = {Springer-Verlag},
	Title = {Programming with Data},
	Year = 1998}

@book{venables.ripley:bk:2002,
	Address = {New York},
	Author = {William N. Venables and Brian D. Ripley},
	Note = {{ISBN} 0-387-95457-0},
	Publisher = {Springer-Verlag},
	Title = {Modern Applied Statistics with \proglang{S}},
	Edition = {Fourth},
	Year = 2002}

@book{venables.ripley:bk:2000,
	Address = {New York},
	Author = {William N. Venables and Brian D. Ripley},
	Note = {{ISBN} 0-387-98966-8},
	Publisher = {Springer-Verlag},
	Title = {\proglang{S} Programming},
	Year = 2000}

@article{batagelj.brandes:pre:2005,
	Author = {Batagelj, Vladomir and Brandes, Ulrik},
	Journal = {Physical Review E},
        Number = {3},
	Pages = {036113, 1--5},
	Title = {Efficient Generation of Large Random Networks},
	Volume = 71,
	doi = {10.1103/PhysRevE.71.036113},
	Year = 2005}

@techreport{butts:tr:2002,
	Author = {Butts, Carter T.},
	Institution = {University of California, Irvine},
	Title = {Memory Structures for Relational Data in \proglang{R}: Classes and Interfaces},
	Type = {Unpublished Manuscript},
	Year = 2002}

@article{butts.carley:cmot:2005,
	Author = {Butts, Carter T. and Carley, Kathleen M.},
	Journal = {Computational and Mathematical Organization Theory},
	Number = 4,
	Pages = {291--305},
	Title = {Some Simple Algorithms for Structural Comparison},
	Volume = 11,
	Year = 2005}

@book{doreian.et.al:bk:2005,
	Address = {Cambridge},
	Author = {Doreian, Patrick and Batagelj, Vladimir and Ferlioj,     Anuska},
	Publisher = {Cambridge University Press},
	Title = {Generalized {B}lockmodeling},
	Year = 2005}

@book{drabek.et.al:bk:1981,
	Address = {Boulder, CO},
	Author = {Drabek, Thomas E. and Tamminga, Harriet L. and Kilijanek,     Thomas S. and Adams, Christopher R.},
	Number = {Monograph 33},
	Publisher = {Institute of Behavioral Sciences, University of Colorado},
	Series = {Program on Technology, Environment, and Man},
	Title = {Managing {M}ultiorganizational {E}mergency {R}esponses:     {E}mergent {S}earch and {R}escue {N}etworks in {N}atural     {D}isaster and {R}emote {A}rea {S}ettings},
	Year = 1981}

@article{fruchterman.reingold:spae:1991,
	Author = {Fruchterman, T. M. J. and Reingold, E. M.},
	Journal = {Software -- Practice and Experience},
	Number = 11,
	Pages = {1129--1164},
	Title = {Graph Drawing by Force-directed Placement},
	Volume = 21,
	Year = 1991}

@article{gabor:sw:2007,
    title = {The \pkg{igraph} Software Package for Complex Network Research},
    author = {Gabor Csardi and Tamas Nepusz},
    journal = {InterJournal, Complex Systems},
    volume = {1695},
    year = {2006},
    url = {http://www.interjournal.org/manuscript_abstract.php?361100992}
}

@Manual{gentleman.et.al:sw:2007,
	Author = {Gentleman, R. and Whalen, E. and Huber, W. and Falcon, S.},
	Title = {\pkg{graph}: A Package to Handle Graph Data Structures},
	Year = 2007,
	Note = {\proglang{R}~package version~1.14.2},
	URL = {http://CRAN.R-project.org/package=graph}
}

@article{kamada.kawai:ipl:1989,
	Author = {Kamada, T. and Kawai, S.},
	Journal = {Information Processing Letters},
	Number = 1,
	Pages = {7--15},
	Title = {An Algorithm for Drawing General Undirected Graphs},
	Volume = 31,
	Year = 1989}

@article{killworth.bernard:ho:1976,
	Author = {Killworth, Peter D. and Bernard, H. Russell},
	Journal = {Human Organization},
	Number = 8,
	Pages = {269--286},
	Title = {Informant Accuracy in Social Network Data},
	Volume = 35,
	Year = 1976}

@manual{koenker.ng:sw:2007,
	Author = {Koenker, R. and Ng, P.},
	Note = {\proglang{R}~package version~0.73},
	Title = {\pkg{SparseM}: Sparse Linear Algebra},
	Url = {http://CRAN.R-project.org/package=SparseM},
	Year = 2007}

@article{mayhew.levinger:ajs:1976,
	Author = {Mayhew, Bruce H. and Levinger, Roger L.},
	Journal = {American Journal of Sociology},
	Pages = {86--110},
	Title = {Size and Density of Interaction in Human Aggregates},
	Volume = 82,
	Year = 1976}

@book{freeman:bk:2004,
	Address = {Vancouver},
	Author = {Freeman, Linton C.},
	Publisher = {Empirical Press},
	Title = {The Development of Social Network Analysis: A Study in the     Sociology of Science},
	Year = 2004}

@book{anselin:bk:1988,
	Address = {Norwell, MA},
	Author = {Anselin, Luc},
	Publisher = {Kluwer},
	Title = {Spatial Econometrics: Methods and Models},
	Year = 1988}

@book{brandes.erlebach:bk:2005,
	Address = {Berlin},
	Chapter = {3},
	Editor = {Brandes, U. and Erlebach, T.},
	Pages = {16-61},
	Publisher = {Springer-Verlag},
	Title = {Network Analysis: Methodological Foundations},
	Year = 2005}

@article{banks.carley:joc:1994,
	Author = {Banks, David and Carley, Kathleen M.},
	Journal = {Journal of Classification},
	Number = 1,
	Pages = {121--149},
	Title = {Metric Inference for Social Networks},
	Volume = 11,
	Year = 1994}

@article{batchelder.romney:p:1988,
	Author = {Batchelder, William H. and Romney, A. Kimball},
	Journal = {Psychometrika},
	Number = 1,
	Pages = {71--92},
	Title = {Test Theory Without an Answer Key},
	Volume = 53,
	Year = 1988}

@article{bteam:gb:2004,
	Author = {Robert C. Gentleman and Vincent J. Carey and Douglas M.
	     Bates and Ben Bolstad and Marcel Dettling and Sandrine
	     Dudoit and Byron Ellis and Laurent Gautier and Yongchao Ge
	     and Jeff Gentry and Kurt Hornik and Torsten Hothorn and
	     Wolfgang Huber and Stefano Iacus and Rafael Irizarry and
	     Friedrich Leisch and Cheng Li and Martin Maechler and
	     Anthony J. Rossini and Gunther Sawitzki and Colin Smith and
	     Gordon Smyth and Luke Tierney and Jean Y. H. Yang and Jianhua Zhang},
	Journal = {Genome Biology},
	Pages = {R80},
	Title = {\pkg{Bioconductor}: Open Software Development for Computational Biology and Bioinformatics},
	Url = {http://genomebiology.com/2004/5/10/R80/},
	Volume = {5},
	Year = {2004}}

@article{bonacich:ajs:1987,
	Author = {Bonacich, Philip},
	Journal = {American Journal of Sociology},
	Pages = {1170--1182},
	Title = {Power and Centrality: A Family of Measures},
	Volume = 92,
	Year = 1987}

@article{boorman.white:ajs:1976,
	Author = {Boorman, S. A. and White, H. C.},
	Journal = {American Journal of Sociology},
	Pages = {1384--1446},
	Title = {Social Structure from Multiple Networks {II}. Role     Structures},
	Volume = 81,
	Year = 1976}

@Manual{borgatti:sw:2007,
	Author = {Borgatti, Stephen P.},
	Note = {Version~2.067},
	Title = {\pkg{NetDraw}: Network Visualization Software},
	Url = {http://www.analytictech.com/},
	Year = 2007}

@article{borgatti.et.al:sn:2006,
	Author = {Borgatti, Stephen P. and Carley, Kathleen and Krackhardt,     David},
	Journal = {Social Networks},
	Pages = {124--136},
	Title = {Robustness of Centrality Measures Under Conditions of     Imperfect Data},
	Volume = 28,
	Year = 2006}

@article{boyd:jmp:1969,
	Author = {Boyd, John P.},
	Journal = {Journal of Mathematical Psychology},
	Pages = {139--167},
	Title = {The Algebra of Group Kinship},
	Volume = 6,
	Year = 1969}

@article{brandes.et.al:ieeetvcg:2003,
	Author = {Brandes, U. and Kenis, P. and Wagner, D.},
	Journal = {IEEE Transactions on Visualization and Computer Graphics},
	Number = 2,
	Pages = {241--253},
	Title = {Communicating Centrality in Policy Network Drawings},
	Volume = 9,
	Year = 2003}

@article{breiger.et.al:jmp:1975,
	Author = {Breiger, Ronald L. and Boorman, Scott A. and Arabie,     Phipps},
	Journal = {Journal of Mathematical Psychology},
	Pages = {323--383},
	Title = {An Algorithm for Clustering Relational Data with     Applications to Social Network Analysis and Comparison with     Multidimensional Scaling},
	Volume = 12,
	Year = 1975}

@book{brockwell.davis:bk:1991,
	Address = {New York},
	Author = {Brockwell, P. J. and Davis, R. A.},
	Edition = {Second},
	Publisher = {Springer-Verlag},
	Title = {Time Series: Theory and Methods},
	Year = 1991}

@Manual{burt:sw:1991,
	Author = {Burt, Ron S.},
	Note = {Software package version~4.2},
	Organization = {Columbia University},
	Title = {\pkg{STRUCTURE}},
	Url = {http://faculty.chicagogsb.edu/ronald.burt/teaching/},
	Year = 1991}

@article{burt:sf:1976,
	Author = {Burt, Ron S.},
	Journal = {Social Forces},
	Pages = {93--122},
	Title = {Positions In Networks},
	Volume = {55},
	Year = 1976}

@article{butts:sm:2007a,
	Author = {Butts, Carter T.},
	Issue = 1,
	Journal = {Sociological Methodology},
	Pages = {257--281},
	Title = {Permutation Models for Relational Data},
	Volume = {37},
	Year = 2007}

@article{butts:sn:2003,
	Author = {Butts, Carter T.},
	Journal = {Social Networks},
	Number = 2,
	Pages = {103--140},
	Title = {Network Inference, Error, and Informant (In)Accuracy: A {B}ayesian Approach},
	Volume = 25,
	Year = 2003}

@techreport{butts.carley:casos:2001,
	Author = {Butts, Carter T. and Carley, Kathleen M.},
	Institution = {Center for the Computational Analysis of Social and     Organization Systems, Carnegie Mellon University},
	Title = {Multivariate Methods for Interstructural Analysis},
	Type = {{CASOS} Working Paper},
	Year = 2001}

@article{butts.pixley:jms:2004,
	Author = {Butts, Carter T. and Pixley, Joy E.},
	Journal = {Journal of Mathematical Sociology},
	Number = 2,
	Pages = {81--124},
	Title = {A Structural Approach to the Representation of Life     History Data},
	Volume = 28,
	Year = 2004}

@book{cliff.ord:bk:1973,
	Address = {London},
	Author = {Cliff, Andrew D. and Ord, J. Keith},
	Publisher = {Pion},
	Title = {Spatial Autocorrelation},
	Year = 1973}

@article{dodds.et.al:pnas:2003,
	Author = {Dodds, Peter Sheridan and Watts, Duncan J. and Sabel,     Charles F.},
	Journal = {Proceedings of the National Academy of Sciences},
	Number = {2},
	Pages = {12516-12521},
	Title = {Information {E}xchange and the {R}obustness of     {O}rganizational {N}etworks},
	Volume = {100},
	Year = 2003}

@incollection{doreian:ch:1990,
	Address = {Ann Arbor},
	Author = {Doreian, P.},
	Booktitle = {Spatial Statistics: Past, Present, and Future},
	Editor = {Griffith, I. D. A.},
	Pages = {369--389},
	Publisher = {Institute of Mathematical Geography},
	Title = {Network Autocorrelation Models: Problems and Prospects},
	Year = 1990}

@article{fararo:sn:1983,
	Author = {Fararo, Thomas J.},
	Journal = {Social Networks},
	Pages = {1--11},
	Title = {Biased Networks and the Strength of Weak Ties},
	Volume = 5,
	Year = 1983}

@article{fararo:sn:1981,
	Author = {Fararo, Thomas J.},
	Journal = {Social Networks},
	Pages = {137--159},
	Title = {Biased Networks and Social Structure Theorems. Part~{I}},
	Volume = 3,
	Year = 1981}

@book{fararo.sunshine:bk:1964,
	Address = {Syracuse, NY},
	Author = {Fararo, Thomas J. and Sunshine, M. H.},
	Publisher = {Youth Development Center},
	Title = {A Study of a Biased Friendship Net},
	Year = 1964}

@article{faust:sm:2007,
	Author = {Faust, Katherine},
	Issue = 1,
	Journal = {Sociological Methodology},
	Pages = {209--256},
	Title = {Very Local Structure in Social Networks},
	Volume = 37,
	Year = 2007}

@article{freeman:sn:1979,
	Author = {Freeman, Linton C.},
	Journal = {Social Networks},
	Number = 3,
	Pages = {223--258},
	Title = {Centrality in Social Networks: Conceptual Clarification},
	Volume = 1,
	Year = 1979}

@book{gelman.et.al:bk:1995,
	Address = {London},
	Author = {Gelman, Andrew and Carlin, John B. and Stern, Hal S. and     Rubin, Donald B.},
	Publisher = {Chapman \& Hall/CRC},
	Title = {{B}ayesian Data Analysis},
	Year = 1995}

@article{geary:tis:1954,
	Author = {Geary, R.},
	Journal = {The Incorporated Statistician},
	Pages = {115--145},
	Title = {The Contiguity Ratio and Spatial Mapping},
	Volume = 5,
	Year = 1954}

@article{gelman.rubin:ss:1992,
	Author = {Gelman, Andrew and Rubin, Donald B.},
	Journal = {Statistical Science},
	Pages = {457--511},
	Title = {Inference from Iterative Simulation Using Multiple Sequences},
	Volume = 7,
	Year = 1992}

@article{gould.fernandez:sm:1989,
	Author = {Gould, R. and Fernandez, R.},
	Journal = {Sociological Methodology},
	Pages = {89--126},
	Title = {Structures of Mediation: A Formal Approach to Brokerage in Transaction Networks},
	Volume = 19,
	Year = 1989}

@article{hall:ms:1970,
	Author = {Hall, K. M.},
	Journal = {Management Science},
	Pages = {219--229},
	Title = {An $r$-dimensional Quadratic Placement Algorithm},
	Volume = 17,
	Year = 1970}

@book{hubert:bk:1987,
	Address = {New York},
	Author = {Hubert, Lawrence J.},
	Publisher = {Marcel Dekker},
	Title = {Assignment {M}ethods in {C}ombinatorial {D}ata {A}nalysis},
	Year = 1987}

@article{huisman.vanduijn:con:2003,
	Author = {Huisman, Mark and van Duijn, Marijtje A. J.},
	Journal = {Connections},
	Number = 1,
	Pages = {7--26},
	Title = {\pkg{StOCNET}: Software for the Statistical Analysis of Social Networks},
	Volume = 25,
	Year = 2003}

@article{ingram.roberts:ajs:2000,
	Author = {Ingram, Paul and Roberts, Peter W.},
	Journal = {American Journal of Sociology},
	Pages = {387--423},
	Title = {Friendships Among Competitors in the {S}ydney Hotel     Industry},
	Volume = 106,
	Year = 2000}

@article{krackhardt:sn:1987b,
	Author = {Krackhardt, David},
	Journal = {Social Networks},
	Number = 2,
	Pages = {171--186},
	Title = {{QAP} Partialling as a Test of Spuriousness},
	Volume = 9,
	Year = 1987}

@incollection{krackhardt:ch:1994,
	Address = {Hillsdale, NJ},
	Author = {Krackhardt, David},
	Booktitle = {Computational Organizational Theory},
	Editor = {Carley, Kathleen M. and Prietula, Michael J.},
	Pages = {88--111},
	Publisher = {Lawrence Erlbaum Associates},
	Title = {Graph Theoretical Dimensions of Informal Organizations},
	Year = 1994}

@article{krackhardt:sn:1987a,
	Author = {Krackhardt, David},
	Journal = {Social Networks},
	Number = 2,
	Pages = {109--134},
	Title = {Cognitive Social Structures},
	Volume = 9,
	Year = 1987}

@article{krackhardt:sn:1988,
	Author = {Krackhardt, David},
	Journal = {Social Networks},
	Pages = {359--382},
	Title = {Predicting with Networks: Nonparametric Multiple     Regression Analyses of Dyadic Data},
	Volume = 10,
	Year = 1988}

@article{krackhardt.et.al:con:1994,
	Author = {Krackhardt, David and Blythe, Jim and McGrath, Cathleen},
	Journal = {Connections},
	Number = 2,
	Pages = {53--55},
	Title = {\pkg{KrackPlot}~3.0: An Improved Network Drawing Program},
	Volume = 17,
	Year = 1994}

@article{leenders:sn:2002,
	Author = {Leenders, T. Th. A. J.},
	Journal = {Social Networks},
	Number = 1,
	Pages = {21--47},
	Title = {Modeling Social Influence Through Network Autocorrelation:     Constructing the Weight Matrix},
	Volume = 24,
	Year = 2002}

@incollection{marsden:ch:2005,
	Address = {Cambridge},
	Author = {Marsden, Peter V.},
	Booktitle = {Models and Methods in Social Network Analysis},
	Chapter = {2},
	Editor = {Carrington, Peter J. and Scott, John and Wasserman,     Stanley},
	Pages = {8--30},
	Publisher = {Cambridge University Press},
	Title = {Recent Developments in Network Measurement},
	Year = 2005}

@article{mayhew:jms:1984a,
	Author = {Mayhew, Bruce H.},
	Journal = {Journal of Mathematical Sociology},
	Pages = {259--281},
	Title = {Baseline Models of Sociological Phenomena},
	Volume = 9,
	Year = 1984}

@article{moran:b:1950,
	Author = {Moran, Patrick A. P.},
	Journal = {Biometrika},
	Pages = {17--23},
	Title = {Notes on Continuous Stochastic Phenomena},
	Volume = {37},
	Year = 1950}

@article{rapoport:bmb:1957,
	Author = {Rapoport, A.},
	Journal = {Bulletin of Mathematical Biophysics},
	Pages = {523--533},
	Title = {A Contribution to the Theory of Random and Biased Nets},
	Volume = 15,
	Year = 1957}

@manual{richards.seary:sw:2006,
	Author = {Richards, William D. and Seary, Andrew J.},
	Note = {Version~4.75},
	Title = {\pkg{MultiNet} for {W}indows},
	Url = {http://www.sfu.ca/~richards/Multinet/Pages/multinet.htm},
	Year = 2006}

@article{romney.et.al:aa:1986,
	Author = {Romney, A. Kimball and Weller, S. C. and Batchelder,     William H.},
	Journal = {American Anthropologist},
	Number = 2,
	Pages = {313--338},
	Title = {Culture as Consensus: A Theory of Culture and Informant     Accuracy},
	Volume = 88,
	Year = 1986}

@article{sabidussi:p:1966,
	Author = {Sabidussi, G.},
	Journal = {Psychometrika},
	Pages = {581--603},
	Title = {The Centrality Index of a Graph},
	Volume = {31},
	Year = 1966}

@article{shimbel:bmb:1953,
	Author = {Shimbel, A.},
	Journal = {Bulletin of Mathematical Biophysics},
	Pages = {501--507},
	Title = {Structural Parameters of Communication Networks},
	Volume = 15,
	Year = 1953}

@article{skvoretz.et.al:sn:2004,
	Author = {Skvoretz, John and Fararo, Thomas J. and Agneessens,     Filip},
	Journal = {Social Networks},
	Pages = {113--139},
	Title = {Advances in Biased Net Theory: Definitions, Derivations,     and Estimations},
	Volume = 26,
	Year = 2004}

@manual{snijders:sw:2001,
	Author = {Snijders, Tom A. B.},
	Note = {Version~3.1},
	Title = {\pkg{SIENA}: {S}imulation {I}nvestigation for {E}mpirical     {N}etwork {A}nalysis},
	Url = {http://stat.gamma.rug.nl/snijders/siena.html},
	Year = 2001}

@article{snijders:joss:2002,
	Author = {Snijders, Tom A. B.},
	Journal = {Journal of Social Structure},
	Number = 2,
	Title = {{M}arkov {C}hain {M}onte {C}arlo Estimation of Exponential     Random Graph Models},
	Volume = 3,
	Year = 2002}

@book{stallman:bk:2002,
	Address = {Boston, MA},
	Author = {Stallman, Richard M.},
	Publisher = {GNU Press/Free Software Foundation},
	Title = {Free Software, Free Society: Selected Essays of {Richard M. Stallman}},
	Year = 2002}

@article{stephenson.zelen:sn:1989,
	Author = {Stephenson, K. and Zelen, M.},
	Journal = {Social Networks},
	Pages = {1--37},
	Title = {Rethinking Centrality: Methods and Applications},
	Volume = 11,
	Year = {1989}}

@manual{stokman.vanveen:sw:1981,
	Author = {Stokman, Frans N. and Van Veen, F. J. A. M.},
	Organization = {Interuniversity Project Group \pkg{GRADAP}, University of Amsterdam-Gr\"{o}ningen-Nijmegen},
	Title = {\pkg{GRADAP}, Graph Definition and Analysis Package User's Manual},
	Url = {http://www.assess.com/},
	Volume = {1--2},
	Year = 1981}

@incollection{wasserman.robins:ch:2005,
	Address = {Cambridge},
	Author = {Wasserman, Stanley and Robins, Garry},
	Booktitle = {Models and Methods in Social Network Analysis},
	Chapter = {10},
	Editor = {Carrington, Peter J. and Scott, John and Wasserman,     Stanley},
	Pages = {192--214},
	Publisher = {Cambridge University Press},
	Title = {An Introduction to Random Graphs, Dependence Graphs, and $p^{*}$},
	Year = 2005}

@article{watts.strogatz:n:1998,
	Author = {Watts, Duncan J. and Strogatz, Steven H.},
	Journal = {Nature},
	Pages = {440--442},
	Title = {Collective Dynamics of `Small-World' Networks},
	Volume = 393,
	Year = 1998}

@book{west:bk:1996,
	Address = {Upper Saddle River, NJ},
	Author = {West, D. B.},
	Publisher = {Prentice Hall},
	Title = {Introduction to Graph Theory},
	Year = 1996}

@book{white:bk:1963,
	Address = {Prentice Hall},
	Author = {White, Harrison C.},
	Publisher = {Englewood Cliffs, NJ},
	Title = {An Anatomy of Kinship},
	Year = 1963}

@article{hoff2005bme,
	Author = {Hoff, P. D.},
	Journal = {Journal of the American Statistical Association},
	Number = {469},
	Pages = {286--295},
	Publisher = {American Statistical Association},
	Title = {Bilinear Mixed Effects Models for Dyadic Data},
	Volume = {100},
	Year = {2005}}

@article{shortreed2006pew,
	Author = {Shortreed, S. and Handcock, M. S. and Hoff, P.},
	Journal = {Methodology},
	Number = {1},
	Pages = {24--33},
	Title = {Positional Estimation Within the Latent Space Model for Networks},
	Volume = {2},
	Year = {2006}}

@article{stephens2000dls,
	Author = {Stephens, M.},
	Journal = {Journal of the Royal Statistical Society B},
	Number = {4},
	Pages = {795--809},
	Publisher = {Blackwell Synergy},
	Title = {Dealing with Label Switching in Mixture Models},
	Volume = {62},
	Year = {2000}}

@inproceedings{biles1981cs,
	Address = {Piscataway, NJ, USA},
	Author = {Biles, William E.},
	Booktitle = {WSC '81: Proceedings of the 13th Conference on Winter Simulation},
	Location = {Atlanta, Georgia, United States},
	Pages = {523--527},
	Publisher = {IEEE Press},
	Title = {Complex Search and Second-order Response Surface Analysis},
	Year = 1981}

@incollection{rafterylewis1996,
	Address = {London},
	Author = {A. E. Raftery and S. M. Lewis},
	Booktitle = {Markov Chain Monte Carlo in Practice},
	Editor = {W. R. Gilks and D. J. Spiegelhalter and S. Richardson},
	Pages = {115--130},
	Publisher = {Chapman \& Hall/CRC},
	Title = {Implementing {MCMC}},
	Year = {1996}}

@article{borgatti1992nps,
	Author = {Borgatti, Stephen P. and Everett, Martin G.},
	Journal = {Sociological Methodology},
	Pages = {1--35},
	Title = {Notions of Position in Social Network Analysis},
	Volume = {22},
	Year = {1992}}

@article{neal2006osp,
	Author = {Neal, P. and Roberts, GO},
	Journal = {Annals of Applied Probability},
	Number = {2},
	Pages = {475--515},
	Title = {Optimal Scaling for Partially Updating MCMC Algorithms},
	Volume = {16},
	Year = {2006}}

@manual{carey.et.al:sw:2007,
	Author = {Carey, V. J. and Long, L. and Gentleman, R.},
	Note = {\pkg{R}~package version~1.14.0},
	Title = {\pkg{RBGL}: \proglang{R} Interface to Boost \proglang{C++} Graph Library},
	Url = {http://www.bioconductor.org/},
	Year = 2007}

@manual{gentry.et.al:sw:2007,
	Author = {Gentry, J. and Long, L. and Gentleman, R. and Falcon, S.},
	Note = {\proglang{R}~package version~1.16.0},
	Title = {\pkg{Rgraphviz}: Plotting Capabilities for \proglang{R} Graph Objects},
	Url = {http://CRAN.R-project.org/package=Rgraphviz},
	Year = 2007}

@article{holland.leinhardt:ajs:1970,
	Author = {Holland, P. W. and Leinhardt, S.},
	Journal = {American Journal of Sociology},
	Pages = {492--513},
	Title = {A Method for Detecting Structure in Sociometric Data},
	Volume = 70,
	Year = 1970}

@manual{Hmisc,
	Author = {Frank E. {Harrell Jr.}},
	Note = {\proglang{R}~package version~3.4-3.},
	Title = {\pkg{Hmisc}: Harrell Miscellaneous},
	Url = {http://CRAN.R-project.org/package=Hmisc},
	Year = {2007}}
